<?xml version="1.0" encoding="UTF-8"?>
<record>
  <leader>02390nam a2200541 i 4500</leader>
  <controlfield tag="001">99371123630706441</controlfield>
  <controlfield tag="005">20221206095617.0</controlfield>
  <controlfield tag="006">m     o  d |      </controlfield>
  <controlfield tag="007">cr#|n#||||||||</controlfield>
  <controlfield tag="008">150506t20152015gw      ob    000 0 ger d</controlfield>
  <datafield tag="020" ind1=" " ind2=" ">
    <subfield code="a">9783653052404</subfield>
    <subfield code="q">(ebook)</subfield>
  </datafield>
  <datafield tag="020" ind1=" " ind2=" ">
    <subfield code="z">9783631660126</subfield>
    <subfield code="q">(hardback)</subfield>
  </datafield>
  <datafield tag="035" ind1=" " ind2=" ">
    <subfield code="a">(CKB)2670000000609310</subfield>
  </datafield>
  <datafield tag="035" ind1=" " ind2=" ">
    <subfield code="a">(EBL)2011040</subfield>
  </datafield>
  <datafield tag="035" ind1=" " ind2=" ">
    <subfield code="a">(SSID)ssj0001515545</subfield>
  </datafield>
  <datafield tag="035" ind1=" " ind2=" ">
    <subfield code="a">(PQKBManifestationID)12623507</subfield>
  </datafield>
  <datafield tag="035" ind1=" " ind2=" ">
    <subfield code="a">(PQKBTitleCode)TC0001515545</subfield>
  </datafield>
  <datafield tag="035" ind1=" " ind2=" ">
    <subfield code="a">(PQKBWorkID)11481781</subfield>
  </datafield>
  <datafield tag="035" ind1=" " ind2=" ">
    <subfield code="a">(PQKB)11659112</subfield>
  </datafield>
  <datafield tag="035" ind1=" " ind2=" ">
    <subfield code="a">(MiAaPQ)EBC2011040</subfield>
  </datafield>
  <datafield tag="035" ind1=" " ind2=" ">
    <subfield code="a">(oapen)https://directory.doabooks.org/handle/20.500.12854/31778</subfield>
  </datafield>
  <datafield tag="035" ind1=" " ind2=" ">
    <subfield code="a">(PPN)229144470</subfield>
  </datafield>
  <datafield tag="035" ind1=" " ind2=" ">
    <subfield code="a">(EXLCZ)992670000000609310</subfield>
  </datafield>
  <datafield tag="040" ind1=" " ind2=" ">
    <subfield code="a">MiAaPQ</subfield>
    <subfield code="b">ger</subfield>
    <subfield code="e">rda</subfield>
    <subfield code="e">pn</subfield>
    <subfield code="c">MiAaPQ</subfield>
    <subfield code="d">MiAaPQ</subfield>
    <subfield code="d">UkaJRU</subfield>
  </datafield>
  <datafield tag="041" ind1=" " ind2=" ">
    <subfield code="a">ger</subfield>
  </datafield>
  <datafield tag="043" ind1=" " ind2=" ">
    <subfield code="a">en-----</subfield>
  </datafield>
  <datafield tag="050" ind1=" " ind2="4">
    <subfield code="a">BF311</subfield>
    <subfield code="b">.P477 2015</subfield>
  </datafield>
  <datafield tag="082" ind1="0" ind2=" ">
    <subfield code="a">153</subfield>
    <subfield code="2">23</subfield>
  </datafield>
  <datafield tag="100" ind1="1" ind2=" ">
    <subfield code="a">Becker, Christine</subfield>
    <subfield code="4">edt</subfield>
  </datafield>
  <datafield tag="245" ind1="0" ind2="0">
    <subfield code="a">Perspektive Nord :</subfield>
    <subfield code="b">zu theorie und praxis einer modernen didaktik der landeskunde : beiträge zur 2. Konferenz des Netzwerks Landeskunde Nord in Stockholm am 24./25. Januar 2014 /</subfield>
    <subfield code="c">Christine Becker, Frank Thomas Grub (Hrsg.).</subfield>
  </datafield>
  <datafield tag="260" ind1=" " ind2=" ">
    <subfield code="a">Bern</subfield>
    <subfield code="b">Peter Lang International Academic Publishing Group</subfield>
    <subfield code="c">2015</subfield>
  </datafield>
  <datafield tag="264" ind1=" " ind2="1">
    <subfield code="a">Frankfurt am Main, [Germany] :</subfield>
    <subfield code="b">Peter Lang Edition,</subfield>
    <subfield code="c">2015.</subfield>
  </datafield>
  <datafield tag="264" ind1=" " ind2="4">
    <subfield code="c">©2015</subfield>
  </datafield>
  <datafield tag="300" ind1=" " ind2=" ">
    <subfield code="a">1 online resource (194 pages) :</subfield>
    <subfield code="b">digital file(s).</subfield>
  </datafield>
  <datafield tag="336" ind1=" " ind2=" ">
    <subfield code="a">text</subfield>
    <subfield code="b">txt</subfield>
    <subfield code="2">rdacontent</subfield>
  </datafield>
  <datafield tag="337" ind1=" " ind2=" ">
    <subfield code="a">computer</subfield>
    <subfield code="b">c</subfield>
    <subfield code="2">rdamedia</subfield>
  </datafield>
  <datafield tag="338" ind1=" " ind2=" ">
    <subfield code="a">online resource</subfield>
    <subfield code="b">cr</subfield>
    <subfield code="2">rdacarrier</subfield>
  </datafield>
  <datafield tag="347" ind1=" " ind2=" ">
    <subfield code="a">text file</subfield>
    <subfield code="2">rda</subfield>
  </datafield>
  <datafield tag="490" ind1="0" ind2=" ">
    <subfield code="a">Nordeuropäische Arbeiten zur Literatur, Sprache und Kultur =</subfield>
    <subfield code="a">Northern European Studie in Literature, Language and Culture ;</subfield>
    <subfield code="v">Band / Volume 2</subfield>
  </datafield>
  <datafield tag="504" ind1=" " ind2=" ">
    <subfield code="a">Includes bibliographical references at the end of each chapters.</subfield>
  </datafield>
  <datafield tag="506" ind1="0" ind2=" ">
    <subfield code="a">Open Access</subfield>
    <subfield code="f">Unrestricted online access</subfield>
    <subfield code="2">star.</subfield>
  </datafield>
  <datafield tag="530" ind1=" " ind2=" ">
    <subfield code="a">Also available in print form.</subfield>
  </datafield>
  <datafield tag="587" ind1=" " ind2=" ">
    <subfield code="a">Description based on print record, CIP data from the publisher, and e-publication e-publication, viewed on March 19, 2021.</subfield>
  </datafield>
  <datafield tag="520" ind1=" " ind2=" ">
    <subfield code="a">2012 wurde das Netzwerk-Projekt Landeskunde Nord ins Leben gerufen, dessen Ziel es ist, Forschung und Lehre zur Landeskunde des Deutschen als Fremdsprache, insbesondere in den nordischen Ländern, voranzutreiben. Das vorliegende Buch, Perspektive Nord, knüpft an den 2013 erschienenen Band Landeskunde Nord an und bietet Reflexionen wissenschaftstheoretischer, fachdidaktischer und inhaltlicher Aspekte, die für die Gestaltung der Landeskundelehre bzw. des Landeskundeunterrichts relevant sind. In ihrer Vielfalt sind die hier vorgelegten Konzepte und Ideen vor allem modernen kulturwissenschaftlichen Ansätzen verpflichtet, knüpfen an international geführte Diskussionen an und haben auch deshalb über die nordischen Länder hinaus Bedeutung. Dabei setzen die Autorinnen und Autoren auf autonomes und lebenslanges Lernen.</subfield>
  </datafield>
  <datafield tag="546" ind1=" " ind2=" ">
    <subfield code="a">German</subfield>
  </datafield>
  <datafield tag="540" ind1=" " ind2=" ">
    <subfield code="a">Creative Commons Attribution-NonCommercial-NoDerivatives 4.0 International</subfield>
    <subfield code="f">CC BY-NC-ND 4.0</subfield>
    <subfield code="u">https://creativecommons.org/licenses/by-nc-nd/4.0/legalcode</subfield>
  </datafield>
  <datafield tag="588" ind1=" " ind2=" ">
    <subfield code="a">Description based on print version record; resource not viewed.</subfield>
  </datafield>
  <datafield tag="650" ind1=" " ind2="0">
    <subfield code="a">Cognitive science</subfield>
    <subfield code="x">Philosophy.</subfield>
  </datafield>
  <datafield tag="650" ind1=" " ind2="0">
    <subfield code="a">Languages, Modern</subfield>
    <subfield code="x">Study and teaching.</subfield>
  </datafield>
  <datafield tag="650" ind1=" " ind2="0">
    <subfield code="a">Psychology and literature.</subfield>
  </datafield>
  <datafield tag="651" ind1=" " ind2="0">
    <subfield code="a">Europe, Northern</subfield>
    <subfield code="x">Study and teaching</subfield>
    <subfield code="v">Congresses.</subfield>
  </datafield>
  <datafield tag="653" ind1=" " ind2=" ">
    <subfield code="a">2014</subfield>
  </datafield>
  <datafield tag="653" ind1=" " ind2=" ">
    <subfield code="a">Becker</subfield>
  </datafield>
  <datafield tag="653" ind1=" " ind2=" ">
    <subfield code="a">Beiträge</subfield>
  </datafield>
  <datafield tag="653" ind1=" " ind2=" ">
    <subfield code="a">Deutsch als Fremdsprache</subfield>
  </datafield>
  <datafield tag="653" ind1=" " ind2=" ">
    <subfield code="a">Didaktik</subfield>
  </datafield>
  <datafield tag="653" ind1=" " ind2=" ">
    <subfield code="a">Konferenz</subfield>
  </datafield>
  <datafield tag="653" ind1=" " ind2=" ">
    <subfield code="a">Kulturwissenschaften</subfield>
  </datafield>
  <datafield tag="653" ind1=" " ind2=" ">
    <subfield code="a">Landeskunde</subfield>
  </datafield>
  <datafield tag="653" ind1=" " ind2=" ">
    <subfield code="a">modernen</subfield>
  </datafield>
  <datafield tag="653" ind1=" " ind2=" ">
    <subfield code="a">Netzwerks</subfield>
  </datafield>
  <datafield tag="653" ind1=" " ind2=" ">
    <subfield code="a">Nord</subfield>
  </datafield>
  <datafield tag="653" ind1=" " ind2=" ">
    <subfield code="a">Perspektive</subfield>
  </datafield>
  <datafield tag="653" ind1=" " ind2=" ">
    <subfield code="a">Praxis</subfield>
  </datafield>
  <datafield tag="653" ind1=" " ind2=" ">
    <subfield code="a">regionale Perspektive</subfield>
  </datafield>
  <datafield tag="653" ind1=" " ind2=" ">
    <subfield code="a">Stockholm</subfield>
  </datafield>
  <datafield tag="653" ind1=" " ind2=" ">
    <subfield code="a">Theorie</subfield>
  </datafield>
  <datafield tag="700" ind1="1" ind2=" ">
    <subfield code="a">Becker, Christine,</subfield>
    <subfield code="e">editor.</subfield>
  </datafield>
  <datafield tag="700" ind1="1" ind2=" ">
    <subfield code="a">Grub, Frank Thomas,</subfield>
    <subfield code="e">editor.</subfield>
  </datafield>
  <datafield tag="776" ind1="0" ind2="8">
    <subfield code="i">Print version (hardback):</subfield>
    <subfield code="z">9783631660126</subfield>
  </datafield>
  <datafield tag="830" ind1=" " ind2="0">
    <subfield code="a">Nordeuropäische Arbeiten zur Literatur, Sprache und Kultur =</subfield>
    <subfield code="a">Northern European Studie in Literature, Language and Culture ;</subfield>
    <subfield code="v">Band / Volume 2.</subfield>
  </datafield>
  <datafield tag="MBD" ind1=" " ind2=" ">
    <subfield code="M">49HBZ_NETWORK</subfield>
    <subfield code="i">99371123630706441</subfield>
    <subfield code="n">HBZ Network</subfield>
  </datafield>
  <datafield tag="MBD" ind1=" " ind2=" ">
    <subfield code="M">49HBZ_HBO</subfield>
    <subfield code="i">991000431763406454</subfield>
    <subfield code="n">Hochschule Bochum</subfield>
  </datafield>
  <datafield tag="MBD" ind1=" " ind2=" ">
    <subfield code="M">49HBZ_HGB</subfield>
    <subfield code="i">991000889803706481</subfield>
    <subfield code="n">Hochschule fur Gesundheit</subfield>
  </datafield>
  <datafield tag="MNG" ind1=" " ind2=" ">
    <subfield code="c">system</subfield>
    <subfield code="f">EBC</subfield>
    <subfield code="i">marc21</subfield>
    <subfield code="e">false</subfield>
    <subfield code="d">2023-07-30 12:54:42 Europe/Berlin</subfield>
    <subfield code="g">992670000000609310</subfield>
    <subfield code="j">00</subfield>
    <subfield code="a">CKB</subfield>
    <subfield code="b">2022-01-11 10:04:18 Europe/Berlin</subfield>
  </datafield>
  <datafield tag="POR" ind1=" " ind2=" ">
    <subfield code="j">Ebook Central</subfield>
    <subfield code="x">System</subfield>
    <subfield code="a">5323145360006454</subfield>
    <subfield code="M">49HBZ_HBO</subfield>
    <subfield code="p">6115835230006454</subfield>
    <subfield code="q">Ebook Central Perpetual, DDA and Subscription Titles</subfield>
    <subfield code="c">param</subfield>
    <subfield code="o">614330000000000002</subfield>
    <subfield code="y">2023-07-12 17:19:37 Europe/Berlin</subfield>
    <subfield code="w">2023-07-12 17:19:27 Europe/Berlin</subfield>
    <subfield code="D">https://eu04.alma.exlibrisgroup.com/view/uresolver/49HBZ_NETWORK/openurl?u.ignore_date_coverage=true&amp;portfolio_pid=5323145360006454&amp;Force_direct=true</subfield>
    <subfield code="v">System</subfield>
    <subfield code="z">2023-07-12 15:19:27</subfield>
    <subfield code="i">false</subfield>
    <subfield code="S">6215835220006454</subfield>
    <subfield code="d">https://hbz-network.userservices.exlibrisgroup.com/view/uresolver/49HBZ_NETWORK/openurl?u.ignore_date_coverage=true&amp;rft.mms_id=991000431763406454</subfield>
    <subfield code="b">Available</subfield>
    <subfield code="f">BOOK</subfield>
    <subfield code="8">5323145360006454</subfield>
  </datafield>
  <datafield tag="POR" ind1=" " ind2=" ">
    <subfield code="j">DOAB Directory of Open Access Books</subfield>
    <subfield code="x">System</subfield>
    <subfield code="a">5318927880006481</subfield>
    <subfield code="M">49HBZ_HGB</subfield>
    <subfield code="p">6115370290006481</subfield>
    <subfield code="q">DOAB Directory of Open Access Books</subfield>
    <subfield code="c">param</subfield>
    <subfield code="o">613680000000000027</subfield>
    <subfield code="y">2023-07-17 14:40:47 Europe/Berlin</subfield>
    <subfield code="w">2023-07-17 14:40:37 Europe/Berlin</subfield>
    <subfield code="D">https://eu04.alma.exlibrisgroup.com/view/uresolver/49HBZ_NETWORK/openurl?u.ignore_date_coverage=true&amp;portfolio_pid=5318927880006481&amp;Force_direct=true</subfield>
    <subfield code="v">NON_SFX_CREATOR</subfield>
    <subfield code="z">2023-07-17 12:40:37</subfield>
    <subfield code="i">false</subfield>
    <subfield code="S">6215370280006481</subfield>
    <subfield code="d">https://hbz-network.userservices.exlibrisgroup.com/view/uresolver/49HBZ_NETWORK/openurl?u.ignore_date_coverage=true&amp;rft.mms_id=991000889803706481</subfield>
    <subfield code="b">Available</subfield>
    <subfield code="f">BOOK</subfield>
    <subfield code="8">5318927880006481</subfield>
  </datafield>
</record>
